[gd_scene load_steps=6 format=2]

[ext_resource path="res://packed_scenes/Player.tscn" type="PackedScene" id=1]
[ext_resource path="res://scripts/SceneControllers/MainSceneController.cs" type="Script" id=2]
[ext_resource path="res://icon.png" type="Texture" id=3]
[ext_resource path="res://packed_scenes/Player1.tscn" type="PackedScene" id=4]

[sub_resource type="RectangleShape2D" id=1]
extents = Vector2( 32, 32 )

[node name="MainScene" type="Node2D"]
script = ExtResource( 2 )

[node name="Actors" type="Node2D" parent="."]

[node name="Player" parent="Actors" instance=ExtResource( 1 )]
position = Vector2( 64, 240 )

[node name="Player1" parent="Actors" instance=ExtResource( 4 )]

[node name="View" parent="Actors/Player1" index="0"]
position = Vector2( 192, 240 )

[node name="Projectiles" type="Node2D" parent="."]
position = Vector2( -1, 0 )

[node name="Area2D" type="Area2D" parent="."]
position = Vector2( 128, 64 )
collision_layer = 2
collision_mask = 0
__meta__ = {
"_edit_group_": true
}

[node name="Sprite" type="Sprite" parent="Area2D"]
texture = ExtResource( 3 )

[node name="CollisionShape2D" type="CollisionShape2D" parent="Area2D"]
visible = false
shape = SubResource( 1 )

[editable path="Actors/Player1"]
